<?xml version="1.0" encoding="UTF-8"?><collection xmlns="http://www.loc.gov/MARC21/slim"><record><leader>00453nam--2200157-i-4500</leader><controlfield tag="001">000021654</controlfield><controlfield tag="002">20161230</controlfield><controlfield tag="005">20170122001121</controlfield><controlfield tag="008">060222s1000------------r-----000-0-eng-d</controlfield><datafield ind1=" " ind2=" " tag="100"><subfield code="a">Ingram, D. J. E</subfield></datafield><datafield ind1=" " ind2=" " tag="245"><subfield code="a">Free radicals as sttudies by electron spin resonance</subfield></datafield><datafield ind1=" " ind2=" " tag="260"><subfield code="a">London</subfield><subfield code="b">Butterworts Scient.Publ</subfield><subfield code="c">1958</subfield></datafield><datafield ind1=" " ind2=" " tag="300"><subfield code="a">IX + 274 p. + 66 fig</subfield></datafield><datafield ind1=" " ind2=" " tag="490"><subfield code="a">Butterworts Scientific Publications</subfield></datafield><datafield ind1=" " ind2=" " tag="852"><subfield code="a">14867</subfield></datafield><datafield ind1=" " ind2=" " tag="CAT"><subfield code="a">SYS</subfield><subfield code="c">20170122</subfield><subfield code="h">001121</subfield></datafield></record></collection>